@article { robust,
autor = "Julien Pinquier, Jean-Luc Rouas and Régine André-Obrecht",
title = "ROBUST SPEECH/MUSIC CLASSIFICATION IN AUDIO DOCUMENTS",
journal = "7th International Conference on Spoken Language Processing [ICSLP2002]",
year = "2002"
}

@article { mirex,
autor = "Nikolaos Tsipas, Lazaros Vrysis, Charalampos Dimoulas and George Papanikolaou",
title = "MIREX 2015: METHODS FOR SPEECH/MUSIC DETECTION AND CLASSIFICATION",
journal = "MIREX 2015 Conference",
year = "2015"
}

@article { speech,
autor = "Baniriskhem K. Khonglah and S.R. Mahadeva Prasanna",
title = "Speech / music classification using speech-specific features",
journal = "Digital Signal Processing 48",
year = "2016"
}

@article{ cuckoo,
author = "Wenlei Shi and Xinhai Fan",
title = "Speech classification based on cuckoo algorithm and support
                  vector machines",
journal = "2nd IEEE International Conference on Computational
                  Intelligence and Applications",	  
year = "2017"
}

@article{ radio,
author = "Stanisław Kacprzak, Błażej Chwiećko and Bartosz Ziółko",
title = "Speech/music discrimination for analysis of radio stations",
journal = "2017 International Conference on Systems, Signals and Image Processing (IWSSIP)",
year = "2017"
}

<<<<<<< HEAD
@article { speech,
author = "Baniriskhem K. Khonglah and S.R. Mahadeva Prasanna",
title = "Speech / music classification using speech-specific features",
journal = "Digital Signal Processing 48",
year = "2016"
)

@article { robust
title = "ROBUST SPEECH / MUSIC CLASSIFICATION IN AUDIO DOCUMENTS"
author = "Julien PINQUIER, Jean-Luc ROUAS and R´ egine ANDRE-OBRECHT"
journal = "7^{th} International Conference on Spoken Language Processing"
year = "2002"
}

@article { mirex
title = "METHODS FOR SPEECH / MUSIC DETECTION AND CLASSIFICATION"
author = "Nikolaos Tsipas Lazaros Vrysis Charalampos Dimoulas George Papanikolaou"
journal = "MIREX"
year = "2015"
}

@article { hybrid
title = "Speech/Music Discrimination using Hybrid-Based Feature Extraction for Audio Data Indexing"
author = "Kun-Ching, Wang, Member, IEEE, Yung-Ming, Yang and Ying-Ru, Yang"
journal = "2017 International Conference on System Science and Engineering (ICSSE)"
year = "2017"
}


=======
@article { hybrid,
autor = " Kun-Ching Wang,  Yung-Ming Yang and Ying-Ru Yang",
title = "Speech/music discrimination using hybrid-based feature extraction for audio data indexing",
journal = " 2017 International Conference on System Science and Engineering (ICSSE)",
year = "2017"
}
>>>>>>> 7e0fde228c5c02314be28f60d4c807791c1e2763
